@article{eades,
  title= {{The complexity of computing minimum separating polygons}},
  note = {доступно на: \url{https://www.sciencedirect.com/science/article/abs/pii/0167865593901409}},
  author = {Peter Eades and David Rappaport},
  journal = {Pattern Recognit. Lett.},
  year = {1993},
  month = {09},
  volume = {14},
  pages = {715-718}
}

@article{mata,
  author = {Mata, Cristian and Mitchell, Joseph},
  note = {проширени апстракт доступан на: \url{http://citeseerx.ist.psu.edu/viewdoc/download;jsessionid=BEEFA94FC314BB9752C9B56CFCF9C8BC?doi=10.1.1.144.6058&rep=rep1&type=pdf}},
  year = {1995},
  month = {01},
  title = {{Approximation Algorithms for Geometric Tour and Network Design Problems}},
  journal = {Proc. 11th Annu. ACM Sympos. Comput. Geom.}
}

@article{bonnet,
  author = {Bonnet, Édouard and Giannopoulos, Panos and Lampis, Michael},
  note = {доступно на следећој адреси: \url{https://www.lamsade.dauphine.fr/~mlampis/papers/redblue.pdf}},
  year = {2017},
  month = {10},
  title = {{On the Parameterized Complexity of Red-Blue Points Separation}}
}

@article{mitch,
  author = {Mitchell, Joseph},
  note = {\url{http://citeseerx.ist.psu.edu/viewdoc/download?doi=10.1.1.50.7089&rep=rep1&type=pdf}},
  year = {2002},
  month = {05},
  title = {{Approximation Algorithms for Geometric Separation Problems}}
}

@inproceedings{gud,
  author = {Gudmundsson, Joachim and Levcopoulos, Christos},
  note = {доступно на следећој адреси: \url{https://www.researchgate.net/publication/2384934_A_Fast_Approximation_Algorithm_for_TSP_with_Neighborhoods_and_Red-Blue_Separation}},
  year = {2001},
  month = {10},
  title = {{A Fast Approximation Algorithm for TSP with Neighborhoods and Red-Blue Separation}},
  volume = {6},
  journal = {Nordic Journal of Computing},
  doi = {10.1007/3-540-48686-0_47}
}

@inproceedings{arora,
  author = {Arora, Sanjeev and Chang, Kevin},
  note = {доступно на: \url{http://citeseerx.ist.psu.edu/viewdoc/download?doi=10.1.1.124.763&rep=rep1&type=pdf}},
  year = {2003},
  month = {06},
  pages = {176-188},
  title = {{Approximation Schemes for Degree-Restricted MST and Red-Blue Separation Problem}},
  doi = {10.1007/3-540-45061-0_16}
}

@inproceedings{cheung,
  author = {Cheung, Yam-Ki and Daescu, Ovidiu and Zivanic, Marko},
  note = {доступно на: \url{https://www.researchgate.net/publication/221335245_Kinetic_Red-Blue_Minimum_Separating_Circle}},
  year = {2011},
  month = {08},
  pages = {448-463},
  title = {{Kinetic Red-Blue Minimum Separating Circle}},
  doi = {10.1007/978-3-642-22616-8_35}
}

@article{edels,
  title = {{Minimum polygonal separation}},
  note = {доступно на следећој интернет адреси: \url{https://core.ac.uk/download/pdf/82496494.pdf}},
  journal = {Information and Computation},
  volume = {77},
  number = {3},
  pages = {218-232},
  year = {1988},
  issn = {0890-5401},
  doi = {10.1016/0890-5401(88)90049-1},
  url = {http://www.sciencedirect.com/science/article/pii/0890540188900491},
  author = {H. Edelsbrunner and F.P. Preparata}
}

@article{clerc,
  author = {Clerc, Maurice},
  note = {преглед на: \url{http://clerc.maurice.free.fr/pso/pso_tsp/Discrete_PSO_TSP.htm}},
  year = {2004},
  month = {01},
  title = {Discrete Particle Swarm Optimization, illustrated by the Traveling Salesman Problem},
  volume = {47},
  doi = {10.1007/978-3-540-39930-8_8}
}

@misc{csc,
  title = {{MINIMUM RED-BLUE SEPARATION}},
  note = {Skolan för elektroteknik och datavetenskap, Stockholm, доступно на: \url{https://www.csc.kth.se/~viggo/wwwcompendium/node272.html}},
  author = {Kann, Viggo},
  year = {2000},
  month = {03}
}