@article{eades,
  title= {{The complexity of computing minimum separating polygons}},
  note = {\url{https://www.sciencedirect.com/science/article/abs/pii/0167865593901409}},
  author = {Peter Eades and David Rappaport},
  journal = {Pattern Recognit. Lett.},
  year = {1993},
  month = {09},
  volume = {14},
  pages = {715-718}
}

@article{clerc,
  author = {Clerc, Maurice},
  note = {\url{http://clerc.maurice.free.fr/pso/pso_tsp/Discrete_PSO_TSP.htm}},
  year = {2004},
  month = {01},
  title = {Discrete Particle Swarm Optimization, illustrated by the Traveling Salesman Problem},
  volume = {47},
  doi = {10.1007/978-3-540-39930-8_8}
}

@misc{csc,
  title = {{MINIMUM RED-BLUE SEPARATION}},
  note = {Skolan f√∂r elektroteknik och datavetenskap, \url{https://www.csc.kth.se/~viggo/wwwcompendium/node272.html}},
  author = {Kann, Viggo},
  year = {2000},
  month = {03}
}